@article{DOBLER2015115,
title = "Dynamics of the urban lightscape",
journal = "Information Systems",
volume = "54",
number = "Supplement C",
pages = "115 - 126",
year = "2015",
issn = "0306-4379",
doi = "https://doi.org/10.1016/j.is.2015.06.002",
url = "http://www.sciencedirect.com/science/article/pii/S0306437915001167",
author = "Gregory Dobler and Masoud Ghandehari and Steven E. Koonin and Rouzbeh Nazari and Aristides Patrinos and Mohit S. Sharma and Arya Tafvizi and Huy T. Vo and Jonathan S. Wurtele",
keywords = "Urban imaging, Visible light observations, Time series, Image processing, Pattern recognition"
}
