@inproceedings{Bianco:2016:HIN:2993422.2993570,
 author = {Bianco, Federica B. and Koonin, Steven E. and Mydlarz, Charlie and Sharma, Mohit S.},
 title = {Hypertemporal Imaging of NYC Grid Dynamics: Short Paper},
 booktitle = {Proceedings of the 3rd ACM International Conference on Systems for Energy-Efficient Built Environments},
 series = {BuildSys '16},
 year = {2016},
 isbn = {978-1-4503-4264-3},
 location = {Palo Alto, CA, USA},
 pages = {61--64},
 numpages = {4},
 url = {http://doi.acm.org/10.1145/2993422.2993570},
 doi = {10.1145/2993422.2993570},
 acmid = {2993570},
 publisher = {ACM},
 address = {New York, NY, USA},
 keywords = {Urban science: observing techniques, imaging, time series analysis},
}
